@book{Griffiths2017,
author      = {D. J. Griffiths},
title       = {Introduction to Electrodynamics},
edition     = {4.},
year        = {2017},
publisher   = {Cambridge University Press},
language    = {english},
}

@misc{Lang2010,
author      = {Kenneth R. Lang},
title       = {The invisible buffer zone with space - atmospheres, magnetospheres and the solar wind},
note        = {(accessed 2020.03.02)},
url         = {https://ase.tufts.edu/cosmos/view_chapter.asp?id=3&page=1},
language    = {english}
}

@misc{Suess1999,
author      = {Steve Suess},
title       = {Overview and Current Knowledge of the Solar Wind and the Corona},
note        = {(accessed 2020.03.02)},
url         = {https://web.archive.org/web/20080610125820/http://solarscience.msfc.nasa.gov/suess/SolarProbe/Page1.htm},
language    = {english},
}

@misc{nasa2014,
author      = {nasa.gov},
title       = {Weather, Weather, Everywhere?},
note        = {(accessed 2020.03.05)},
url         = {https://www.nasa.gov/audience/foreducators/postsecondary/features/F_Planet_Seasons.html},
language    = {english},
}

@misc{kyoto2020,
author      = {World Data Center for Geomagnetism, Kyoto},
title       = {Magnetic North, Geomagnetic and Magnetic Poles},
note        = {(accessed 2020.03.05)},
url         = {http://wdc.kugi.kyoto-u.ac.jp/poles/polesexp.html},
language    = {english},
}